%% This BibTeX bibliography file was created using BibDesk.
%% http://bibdesk.sourceforge.net/


%% Created for Xiao Zhibo at 2013-10-15 15:39:25 +0800 


%% Saved with string encoding Unicode (UTF-8) 



@article{JunWu2014,
	Author = {Wu Jun and \textbf{Xiao, Zhi-Bo} and Wang Huai-Shuai  and Hong Shen},
	Date-Modified = {2013-10-15 07:39:25 +0000},
	Journal = {Computers \& Electrical Engineering},
	Timestamp = {2013.10.15},
	Title = {Learning with Both Unlabeled Data and Query Logs for Image Search},
	Year = {2014}}

@article{Wu2013,
	__Markedentry = {[sean:6]},
	Author = {Wu, Jun and Shen, Hong and Li, Yi-Dong and \textbf{Xiao, Zhi-Bo} and Lu, Ming-Yu and Wang, Chun-Li},
	Date-Modified = {2013-10-15 07:37:41 +0000},
	Journal = {Pattern Recognition},
	Number = {11},
	Pages = {2927-2939},
	Publisher = {Elsevier},
	Timestamp = {2013.10.15},
	Title = {Learning a Hybrid Similarity Measure for Image Retrieval},
	Url = {http://www.sciencedirect.com/science/article/pii/S0031320313001787},
	Volume = {46},
	Year = {2013},
	Bdsk-Url-1 = {http://www.sciencedirect.com/science/article/pii/S0031320313001787}}
